<record xmlns="http://www.loc.gov/MARC21/slim" xmlns:xsi="http://www.w3.org/2001/XMLSchema-instance" xsi:schemaLocation="http://www.loc.gov/MARC21/slim http://www.loc.gov/standards/marcxml/schema/MARC21slim.xsd"><leader>     nam a22        4500</leader><controlfield tag="001">3059339</controlfield><controlfield tag="003">NNC</controlfield><controlfield tag="006">m        d        </controlfield><controlfield tag="007">cr cn |||m|||a</controlfield><controlfield tag="008">150601s1904    ua      o     000 0 ara d</controlfield><datafield ind1=" " ind2=" " tag="040"><subfield code="a">NNU</subfield><subfield code="b">eng</subfield><subfield code="e">rda</subfield><subfield code="c">NNU</subfield></datafield><datafield ind1="1" ind2=" " tag="100"><subfield code="6">880-01</subfield><subfield code="a">Ibn Nujaym, Zayn al-Di&#772;n ibn Ibra&#772;hi&#772;m,</subfield><subfield code="d">-1563.</subfield></datafield><datafield ind1="1" ind2="0" tag="240"><subfield code="6">880-02</subfield><subfield code="a">Ashba&#772;h wa-al-naz&#803;a&#772;&#700;ir</subfield></datafield><datafield ind1="1" ind2="0" tag="245"><subfield code="6">880-03</subfield><subfield code="a">Kita&#772;b al-Ashba&#772;h wa-al-naz&#803;a&#772;&#700;ir &#699;ala&#769; madhhab al-Ima&#772;m Abi&#772; H&#803;ani&#772;fah al-Nu&#699;ma&#772;n,</subfield><subfield code="c">ta&#700;li&#772;f Zayn al-&#699;A&#772;bidi&#772;n ibn Ibra&#772;hi&#772;m ibn Nujaym.</subfield></datafield><datafield ind1=" " ind2=" " tag="260"><subfield code="6">880-04</subfield><subfield code="a">[al-Qa&#772;hirah]</subfield><subfield code="b">al-Mat&#803;ba&#699;ah al-H&#803;usayni&#772;yah al-Mis&#803;ri&#772;yah</subfield><subfield code="c">[1322 h., 1904 m.]</subfield></datafield><datafield ind1=" " ind2=" " tag="300"><subfield code="a">online resource (173 pages)</subfield></datafield><datafield ind1=" " ind2=" " tag="336"><subfield code="a">text</subfield><subfield code="2">rdacontent</subfield></datafield><datafield ind1=" " ind2=" " tag="337"><subfield code="a">computer</subfield><subfield code="2">rdamedia</subfield></datafield><datafield ind1=" " ind2=" " tag="338"><subfield code="a">online resource</subfield><subfield code="2">rdacarrier</subfield></datafield><datafield ind1=" " ind2=" " tag="500"><subfield code="a">Part of the Arabic Collections Online (ACO) project, contributed by Columbia University Libraries.</subfield></datafield><datafield ind1=" " ind2=" " tag="533"><subfield code="a">Electronic reproduction.</subfield><subfield code="b">New York, N.Y. :</subfield><subfield code="c">New York University,</subfield><subfield code="d">2015.</subfield><subfield code="5">NNU</subfield></datafield><datafield ind1=" " ind2="0" tag="650"><subfield code="a">Islamic law</subfield><subfield code="v">Early works to 1800.</subfield></datafield><datafield ind1=" " ind2="0" tag="650"><subfield code="a">Hanafites</subfield><subfield code="v">Early works to 1800.</subfield></datafield><datafield ind1=" " ind2="7" tag="650"><subfield code="a">Hanafites.</subfield><subfield code="2">fast</subfield><subfield code="0">(OCoLC)fst00950818</subfield></datafield><datafield ind1=" " ind2="7" tag="650"><subfield code="a">Islamic law.</subfield><subfield code="2">fast</subfield><subfield code="0">(OCoLC)fst00979949</subfield></datafield><datafield ind1=" " ind2="7" tag="655"><subfield code="a">Early works.</subfield><subfield code="2">fast</subfield><subfield code="0">(OCoLC)fst01411636</subfield></datafield><datafield ind1="2" ind2=" " tag="710"><subfield code="a">Columbia University.</subfield><subfield code="b">Libraries.</subfield></datafield><datafield ind1="0" ind2=" " tag="730"><subfield code="a">Arabic Collections Online.</subfield></datafield><datafield ind1="0" ind2="8" tag="776"><subfield code="i">Print version:</subfield><subfield code="a">Ibn Nujaym, Zayn al-Di&#772;n ibn Ibra&#772;hi&#772;m, -1563.</subfield><subfield code="t">Kita&#772;b al-Ashba&#772;h wa-al-naz&#803;a&#772;&#700;ir &#699;ala&#769; madhhab al-Ima&#772;m Abi&#772; H&#803;ani&#772;fah al-Nu&#699;ma&#772;n</subfield><subfield code="w">(NNC)3059339</subfield><subfield code="w">(OCoLC)47722806</subfield></datafield><datafield ind1="4" ind2="0" tag="856"><subfield code="u">http://hdl.handle.net/2333.1/m37pvpr2</subfield></datafield><datafield ind1="1" ind2=" " tag="880"><subfield code="6">100-01/r</subfield><subfield code="a">&#1575;&#1576;&#1606; &#1606;&#1580;&#1610;&#1605;&#1548; &#1586;&#1610;&#1606; &#1575;&#1604;&#1583;&#1610;&#1606; &#1576;&#1606; &#1575;&#1576;&#1585;&#1575;&#1607;&#1610;&#1605;&#1548;</subfield><subfield code="d">-1563.</subfield></datafield><datafield ind1="1" ind2="0" tag="880"><subfield code="6">240-02/r</subfield><subfield code="a">&#1575;&#1588;&#1576;&#1575;&#1607; &#1608;&#1575;&#1604;&#1606;&#1592;&#1575;&#1574;&#1585;</subfield></datafield><datafield ind1="1" ind2="0" tag="880"><subfield code="6">245-03/r</subfield><subfield code="a">&#1603;&#1578;&#1575;&#1576; &#1575;&#1604;&#1575;&#1588;&#1576;&#1575;&#1607; &#1608;&#1575;&#1604;&#1606;&#1592;&#1575;&#1574;&#1585; &#1593;&#1604;&#1609; &#1605;&#1584;&#1607;&#1576; &#1575;&#1604;&#1575;&#1605;&#1575;&#1605; &#1575;&#1576;&#1610; &#1581;&#1606;&#1610;&#1601;&#1577; &#1575;&#1604;&#1606;&#1593;&#1605;&#1575;&#1606;&#1548;</subfield><subfield code="c">&#1578;&#1571;&#1604;&#1610;&#1601; &#1586;&#1610;&#1606; &#1575;&#1604;&#1593;&#1575;&#1576;&#1583;&#1610;&#1606; &#1576;&#1606; &#1575;&#1576;&#1585;&#1575;&#1607;&#1610;&#1605; &#1576;&#1606; &#1606;&#1580;&#1610;&#1605;.</subfield></datafield><datafield ind1=" " ind2=" " tag="880"><subfield code="6">260-04/r</subfield><subfield code="a">[&#1575;&#1604;&#1602;&#1575;&#1607;&#1585;&#1577;]</subfield><subfield code="b">&#1575;&#1604;&#1605;&#1591;&#1576;&#1593;&#1577; &#1575;&#1604;&#1581;&#1587;&#1610;&#1606;&#1610;&#1577; &#1575;&#1604;&#1605;&#1589;&#1585;&#1610;&#1577;</subfield><subfield code="c">[1322 &#1607;.&#1548; 1904 &#1605;.]</subfield></datafield><datafield ind1=" " ind2=" " tag="959"><subfield code="a">NNU</subfield><subfield code="b">WEB</subfield><subfield code="c">GENI</subfield><subfield code="t">0</subfield><subfield code="m">Electronic access</subfield><subfield code="s">01</subfield></datafield><datafield ind1=" " ind2=" " tag="999"><subfield code="i">NNC_3059339</subfield><subfield code="o">(OCoLC)ocm47722806</subfield><subfield code="s">columbia_aco000543</subfield><subfield code="e">(ERROR-880)</subfield><subfield code="s">columbia_aco000543</subfield></datafield></record>